<record><leader>00000cas a22000007a 4500</leader><controlfield tag="001">10028862</controlfield><controlfield tag="008">831018d18691888nyudn ne      0    0eng d</controlfield><controlfield tag="009">3781</controlfield><datafield ind1=" " ind2=" " tag="010"><subfield code="a">sn 83031891 </subfield></datafield><datafield ind1=" " ind2=" " tag="040"><subfield code="a">NPU</subfield><subfield code="b">eng</subfield><subfield code="c">NPU</subfield><subfield code="d">DLC</subfield><subfield code="d">NPX</subfield><subfield code="d">NYS</subfield><subfield code="d">OCLCQ</subfield></datafield><datafield ind1=" " ind2=" " tag="019"><subfield code="a">23303493</subfield></datafield><datafield ind1="1" ind2=" " tag="029"><subfield code="a">AU@</subfield><subfield code="b">000020287166</subfield></datafield><datafield ind1=" " ind2=" " tag="042"><subfield code="a">msc</subfield></datafield><datafield ind1="0" ind2=" " tag="130"><subfield code="a">Syracuse daily courier (Syracuse, N.Y. : 1869)</subfield></datafield><datafield ind1="0" ind2="4" tag="245"><subfield code="a">The Syracuse daily courier.</subfield></datafield><datafield ind1="1" ind2="3" tag="246"><subfield code="a">Daily courier</subfield></datafield><datafield ind1="3" ind2="0" tag="246"><subfield code="a">Sunday courier</subfield></datafield><datafield ind1=" " ind2=" " tag="260"><subfield code="a">Syracuse, N.Y. :</subfield><subfield code="b">D.J. Halsted,</subfield><subfield code="c">1869-1888.</subfield></datafield><datafield ind1=" " ind2=" " tag="300"><subfield code="a">21 v. ;</subfield><subfield code="c">67-70 cm.</subfield></datafield><datafield ind1=" " ind2=" " tag="310"><subfield code="a">Daily (except Sunday),</subfield><subfield code="b">&lt;1884&gt;-1888</subfield></datafield><datafield ind1=" " ind2=" " tag="321"><subfield code="a">Daily (except Sunday),</subfield><subfield code="b">1869-&lt;1874&gt;</subfield></datafield><datafield ind1=" " ind2=" " tag="321"><subfield code="a">Daily,</subfield><subfield code="b">&lt;1874-1884&gt;</subfield></datafield><datafield ind1="0" ind2=" " tag="362"><subfield code="a">Vol. 11, no. 2 (Jan. 4, 1869)-v. 31, no. 278 (May 12, 1888).</subfield></datafield><datafield ind1=" " ind2=" " tag="500"><subfield code="a">Sunday ed.: Sunday courier, &lt;Aug. 23, 1874-Aug. 3, 1884&gt;</subfield></datafield><datafield ind1=" " ind2=" " tag="500"><subfield code="a">Publishers: D.J. Halsted &amp; Co., &lt;1870-1871&gt;; Courier Print. Co., &lt;1873-1888&gt;.</subfield></datafield><datafield ind1=" " ind2=" " tag="500"><subfield code="a">"Democratic," &lt;1873-1876&gt;.</subfield></datafield><datafield ind1=" " ind2=" " tag="500"><subfield code="a">Editor: Milton H. Northrup, &lt;1870-1876&gt;.</subfield></datafield><datafield ind1=" " ind2="4" tag="651"><subfield code="a">Syracuse (N.Y.)</subfield><subfield code="v">Newspapers.</subfield></datafield><datafield ind1=" " ind2=" " tag="752"><subfield code="a">United States</subfield><subfield code="b">New York</subfield><subfield code="c">Onondaga</subfield><subfield code="d">Syracuse.</subfield></datafield><datafield ind1="0" ind2=" " tag="775"><subfield code="t">Onondaga weekly courier</subfield><subfield code="w">(DLC)sn 83031729</subfield><subfield code="w">(OCoLC)10033948</subfield></datafield><datafield ind1="0" ind2="0" tag="780"><subfield code="t">Syracuse daily courier and union</subfield><subfield code="w">(DLC)sn 86053075</subfield><subfield code="w">(OCoLC)13146167</subfield></datafield><datafield ind1="0" ind2="0" tag="785"><subfield code="t">Syracuse courier</subfield><subfield code="w">(DLC)sn 91066047</subfield><subfield code="w">(OCoLC)23303341</subfield></datafield></record>